%% This TeX bibliography file was created using BibDesk.
%% http://bibdesk.sourceforge.net/


%% Created for Tomas Zahradnicky at 2010-09-18 11:17:12 +0200 


%% Saved with string encoding Unicode (UTF-8) 

@book{iso:usac,
	Author = {{International Telecommunication Union}},
	Publisher = {ISO/IEC},
	Title = {ISO/IEC DIS 23003-3: Information technology -- MPEG audio technologies -- Part 3: Unified speech and audio coding},
	Year = {2016}}
	
@book{iso:aac,
	Author = {{International Telecommunication Union}},
	Publisher = {ISO/IEC},
	Title = {13818-7: Information technology — Generic coding of moving pictures and associated audio information — Part 7: Advanced Audio Coding (AAC)},
	Year = {1990}}	

@book{itut:861,
	Author = {{International Telecommunication Union}},
	Publisher = {ITU-T},
	Title = {Objective quality measurement of telephoneband (300 - 3400 Hz) speech codecs},
	Year = {1996}}

@book{itut:862,
	Author = {{International Telecommunication Union}},
	Publisher = {ITU-T},
	Title = {Perceptual evaluation of speech quality (PESQ): An objective method for end-to-end speech quality assessment of narrow-band telephone networks and speech codecs},
	Year = {2001}}
	
@book{itut:863,
	Author = {{International Telecommunication Union}},
	Publisher = {ITU-T},
	Title = {Perceptual objective listening quality assessment POLQA},
	Year = {2011}}
	
@book{itut:536,
	Author = {{International Telecommunication Union}},
	Publisher = {ITU-T},
	Title = {Single Sided Speech Quality Measure 3SQM},
	Year = {2004}}

@book{itur:708,
	Author = {{International Telecommunication Union}},
	Pages = {5},
	Publisher = {ITU-R},
	Title = {Determination of the electro-acoustical properties of studio monitor headphones },
	Year = {1990}}

@book{etsi:dab:old,
	Author = {{European Telecommunications Standards Institute}},
	Pages = {197},
	Publisher = {ETSI},
	Title = {ETSI EN 300 401: Digital Audio Broadcasting (DAB) to mobile, portable and fixed receivers V1.4.1},
	Year = {20O6}}
	
@book{etsi:dab,
	Author = {{European Telecommunications Standards Institute}},
	Pages = {124},
	Publisher = {ETSI},
	Title = {ETSI EN 300 401: Digital Audio Broadcasting (DAB) to mobile, portable and fixed receivers V2.2.1},
	Year = {2016}}

@book{etsi:aac,
	Author = {{European Telecommunications Standards Institute}},
	Pages = {27},
	Publisher = {ETSI},
	Title = {ETSI EN 102 563: Digital Audio Broadcasting (DAB); Transport of Advanced Audio Coding (AAC) audio V1.2.1},
	Year = {2010}}
	
@book{kabal,
	Author = {{P. Kabal}},
	Pages = {96},
	Publisher = {McGill University},
	Title = {An Examination and Interpretation of ITU-R BS.1387: Perceptual Evaluation of Audio Quality},
	Year = {2003}}
	
@book{etsi:mp2,
	Author = {{European Telecommunications Standards Institute}},
	Pages = {59},
	Publisher = {ETSI},
	Title = {ETSI EN 103 466: Digital Audio Broadcasting (DAB); DAB audio coding (MPEG Layer II V 1.1.1},
	Year = {2016}}
	
@book{etsi:drm,
	Author = {{European Telecommunications Standards Institute}},
	Pages = {196},
	Publisher = {ETSI},
	Title = {ETSI ES 201 980: Digital Radio Mondiale (DRM);System Specification ETSI STANDARD},
	Year = {2017}}	
	
@book{itur:1534,
	Author = {{International Telecommunication Union}},
	Pages = {18},
	Publisher = {ITU-R},
	Title = {Rec. ITU-R BS.1534-1: Method for the subjective assessment of intermediate quality level of coding systems},
	Year = {2003}}
	
@book{itur:1534-3,
	Author = {{International Telecommunication Union}},
	Pages = {36},
	Publisher = {ITU-R},
	Title = {Rec. ITU-R BS.1534-3: Method for the subjective assessment of intermediate quality level of coding systems},
	Year = {2015}}
	
@book{itur:1387,
	Author = {{International Telecommunication Union}},
	Pages = {100},
	Publisher = {ITU-R},
	Title = {Rec. ITU-R BS.1387-1: Method for objective measurements of perceived audio quality},
	Year = {2001}}

@book{itur:1116,
	Author = {{International Telecommunication Union}},
	Pages = {26},
	Publisher = {ITU-R},
	Title = {Rec. ITU-R BS.1116-1:Methods for the subjective assessment of small impairments in audio systems including multichannel sound systems},
	Year = {1994}}
	
@book{itur:1284,
	Author = {{International Telecommunication Union}},
	Pages = {18},
	Publisher = {ITU-R},
	Title = {Rec. ITU-R BS.1284-2: General methods for the subjective assessment of sound quality},
	Year = {2019}}
	
@book{article:pocta, 
    author={P. {Počta} and J. G. {Beerends}}, 
    journal={IEEE Transactions on Broadcasting}, 
    title={Subjective and Objective Assessment of Perceived Audio Quality of Current Digital Audio Broadcasting Systems and Web-Casting Applications},
    year={2015}, 
    number={3}, 
    pages={407-415}, 
    ISSN={0018-9316}, 
    month={Sep.}}
    
@book{article:WhisPER,
    author = {Lindau, Alexander},
    year = {2014},
    month = {01},
    pages = {10},
    title = {WhisPER. A MATLAB toolbox for performing quantitative and qualitative listening tests.}}

@misc{web:opticom, 
    title={OPTICOM voice quality PESQ PEXQ speech quality perceptual measurement}, 
    url={https://www.opticom.de/}, 
    journal={OPTICOM voice quality PESQ PEXQ speech quality perceptual measurement}, 
    author={Opticom},
    year = 2019}}
    
@article{article:APE,
    author = {De Man, Brecht and Reiss, Joshua},
    year = {2014},
    month = {04},
    pages = {18},
    title = {APE: Audio Perceptual Evaluation toolbox for MATLAB},
    journal={ResearchGate}}

@article{article:scale,
    author = {Arnau Vazquez Giner},
    year = {2013},
    pages = {4},
    title = {Scale: A Software Tool for Listening Experiments},
    journal={ResearchGate}}

@misc{web:visqol, 
    title={VISQOLAudio}, 
    url={https://qxlab.ucd.ie/index.php/audio-and-music/}, 
    author={qxLab},
    year = {2019}}

@book{book:melka,
    author = {Melka, Alois},
    title = {Z{\'a}klady experiment{\'a}ln{\'i} psychoakustiky},
    publisher = {Akademie m{\'u}zick{\'y}ch um{\v e}n{\'i} v Praze},
    year = {2005},
    address = {Praha},
    isbn = {80-7331-043-0}}
    
@mastersthesis{thesis:zalabak,
    author = {Martin Zalab{\'a}k}, 
    title= {Hodnocení kvality analogov{\'e}ho záznamu zvuku s vyu{\v z}it{\'i}m modelu sly{\v s}en{\'i} },
    address = {Praha},
    school = {{\v C}esk{\'e} vysok{\'e} u{\v c}en{\'i} technick{\'e} v Praze},
    year= {2016}}
    
@phdthesis{thesis:novak,
    author = {Jan Nov{\'a}k}, 
    title= {Implementace metody objektivn{\'i}ho hodnocen{\'i} kvality zvuku},
    address = {Praha},
    school = {{\v C}esk{\'e} vysok{\'e} u{\v c}en{\'i} technick{\'e} v Praze},
    year= {2016}}

@mastersthesis{thesis:dab,
    author = {Vladim{\'i}r Hrad{\v n}ansk{\'y}}, 
    title= {Multim{\' o}dov{\'y} VKV rozhlasový p{\v r}ij{\'i}ma{\v c}},
    address = {Brno},
    school = {Vysok{\'e} u{\v c}en{\'i} technick{\'e} v Brn{\v e}},
    year= {2016}}
    
@mastersthesis{thesis:drm,
    author = {{\v{S}}imon Mik}, 
    title= {P{\v r}ij{\'i}ma{\v c} sign{\'a}l{\r u} DRM},
    address = {Brno},
    school = {Vysok{\'e} u{\v c}en{\'i} technick{\'e} v Brn{\v e}},
    year= {2011}}
    
@book{norm:mp2,
	Author = {{International Organization for Standardization}},
	Publisher = {ISO/IEC},
	Title = {Coding of moving pictures and associated audio for digital storage media at up to about 1,5 Mbit/s},
	Year = {1993}}
	
@book{norm:aac,
	Author = {{International Organization for Standardization}},
	Publisher = {ISO/IEC},
	Title = {Generic coding of moving pictures and associated audio information -- Part 7: Advanced Audio Coding (AAC)},
	Year = {2006}}
	
@misc{web:opus, 
    title={Opus Codec}, 
    url={https://opus-codec.org/comparison/}, 
    journal={Comparison – Opus Codec}, 
    publisher={Internet Engineering Task Force (IETF)}}
    
@misc{web:cro, 
    title={Historie rozhlasu v kostce}, url={https://www.rozhlas.cz/archiv/historie/_zprava/historie-rozhlasu-v-kostce--1392938}, 
    journal={Historie rozhlasu v kostce | Rozhlasová historie}, 
    publisher={{\v{C}}esk{\'y} Rozhlas}}
    
 @misc{forum:hydro, title={Hydrogenaudio}, 
    url={https://hydrogenaud.io/index.php/topic,109942.0.html},
    journal={Opus and DRM Digital Radio},
    publisher={Hydrogenaudio Forums}}
    
@misc{norm:opus,
	series =	{Request for Comments},
	number =	6716,
	howpublished =	{RFC 6716},
	publisher =	{RFC Editor},
	doi =		{10.17487/RFC6716},
	url =		{https://rfc-editor.org/rfc/rfc6716.txt},
        author =	{Jean-Marc Valin and Koen Vos and Tim Terriberry},
	title =		{{Definition of the Opus Audio Codec}},
	pagetotal =	326,
	year =		2012,
	month =		sep}
	
@ARTICLE{article:pemoq, 
    author={R. {Huber} and B. {Kollmeier}}, 
    journal={IEEE Transactions on Audio, Speech, and Language Processing}, 
    title={PEMO-Q—A New Method for Objective Audio Quality Assessment Using a Model of Auditory Perception}, 
    year={2006}, 
    volume={14}, 
    number={6}, 
    pages={1902-1911}, 
    ISSN={1558-7916}, 
    month={Nov},}
    
@article{article:visqol,
author = {Hines, Andrew and Skoglund, Jan and Kokaram, Anil and Harte, Naomi},
year = {2012},
month = {01},
pages = {1-4},
title = {ViSQOL: The Virtual Speech Quality Objective Listener},
journal = {Acoustic Echo Noise Control (IWAENC), IEEE Intl. Workshop on}
}

@article{article:visqolaudio,
author = {Hines,Andrew  and Gillen,Eoin  and Kelly,Damien  and Skoglund,Jan  and Kokaram,Anil  and Harte,Naomi },
title = {ViSQOLAudio: An objective audio quality metric for low bitrate codecs},
journal = {The Journal of the Acoustical Society of America},
volume = {137},
number = {6},
pages = {EL449-EL455},
year = {2015},
doi = {10.1121/1.4921674},
URL = {https://doi.org/10.1121/1.4921674}}

@misc{web:voiceage, title={USAC (Unified speech and audio coding)}, url={http://www.voiceage.com/USAC.html}, journal={VoiceAge}, publisher={VoiceAge}}

@inproceedings{article:aac,
  title={MPEG-4 HE-AAc v2 - audio coding for today’s media world},
  author={Stefan Meltzer and Gerald Moser},
  year={2005}
}

@misc{web:mp2, title={Audio decoding presentation slides}, url={https://dabtransceiver.wordpress.com/2017/06/30/week-07-audio-decoding/}, journal={A DAB/DAB transceiver app}, author={Moritzlucaschmid, ~}, year={2017}, month={Aug}}

@misc{web:nero, title={Nero AAC Codec - Technologies}, url={https://web.archive.org/web/20160310025758/http://www.nero.com:80/enu/company/about-nero/nero-aac-codec.php}, journal={Nero AAC Codec - Technologies}}

@misc{web:avidemux, title={Avidemux}, url={http://avidemux.sourceforge.net/}, journal={Avidemux}}

@misc{web:audacity, title={Audacity}, url={https://www.audacityteam.org/}, journal={Audacity}}

@book{book:statistika,
  author = {Hana {\v R}ezankov{\'a} and Tom{\'a}{\v s} Loster},
  title = {Základy statistiky},
  publisher = {Oeconomica},
  address = {Praha},
  year = {2013},
  edition = {1.},
  ISBN = {978-80-245-1957-9},
}

@INPROCEEDINGS{article:rund, 
author={F. {Rund} and K. {Ulovec}}, 
booktitle={2018 28th International Conference Radioelektronika (RADIOELEKTRONIKA)}, 
title={Comparison of two objective methods of quality assessment for digital audio broadcasting}, 
year={2018}, 
volume={}, 
number={}, 
pages={1-6},
month={April},}

@article{book:dau,
author = {Dau,Torsten  and Kollmeier,Birger  and Kohlrausch,Armin },
title = {Modeling auditory processing of amplitude modulation. I. Detection and masking with narrow-band carriers},
journal = {The Journal of the Acoustical Society of America},
volume = {102},
number = {5},
pages = {2892-2905},
year = {1997}}

@misc{web:twolame, title={MPEG Audio Layer 2 Encoder}, url={http://www.twolame.org/}, journal={TwoLAME}}

@misc{web:ffmpeg, title={FFmpeg Project}, url={https://ffmpeg.org/}, journal={FFmpeg}}

@misc{web:dab:stations, title={Stanice DAB}, url={http://www.digitalradiodab.cz/rozhlasove-stanice.html}, journal={Digital Radio DAB}, author={Krop{\'a}{\v c}ek, Roman}}

@misc{web:mcgill, title={Telecommunications {\&} Signal Processing Laboratory}, url={http://www-mmsp.ece.mcgill.ca/Documents/Software/index.html}, journal={TSP Lab - Software}}

@misc{web:hortech, title={PEMO-Q: H{\"o}rTech gGmbH}, url={https://www.hoertech.de/de/f-e-produkte/pemo-q.html}, journal={Hortech}}

@article{article:ulovecsmutny,
author = {Ulovec, K and Smutny, M},
year = {2018},
month = {04},
pages = {342-352},
title = {Perceived Audio Quality Analysis in Digital Audio Broadcasting Plus System Based on PEAQ},
volume = {27},
journal = {Radioengineering},
doi = {10.13164/re.2018.0342}
}

@misc{web:ofdm, url={https://publi.cz/books/234/02.html}, title={Modulace s v{\'i}ce nosn{\'y}mi kmito{\v c}ty}}

@misc{web:matlab, title={MATLAB and Simulink}, url={https://www.mathworks.com/}, journal={MathWorks}}

@misc{web:guide, title={Create or edit UI file in GUIDE}, url={https://www.mathworks.com/help/matlab/ref/guide.html}, journal={MathWorks}}

@ARTICLE{article:assessment, 
author={C. {Sloan} and N. {Harte} and D. {Kelly} and A. C. {Kokaram} and A. {Hines}}, 
journal={IEEE Transactions on Broadcasting}, 
title={Objective Assessment of Perceptual Audio Quality Using ViSQOLAudio}, 
year={2017}, 
volume={63}, 
number={4}, 
pages={693-705},
doi={10.1109/TBC.2017.2704421}, 
ISSN={0018-9316}, 
month={Dec},}

@article{article:usac,
author = {Neuendorf, M and Gournay, Philippe and Multrus, Markus and Lecomte, Jeremie and Bessette, B and Geiger, R and Bayer, Stefan and Fuchs, Guillaume and Hilpert, J and Rettelbach, N and Salami, Redwan and Schuller, Gerald and Lefebvre, R and Grill, Bernhard},
year = {2009},
month = {04},
pages = {1-4},
title = {Unified speech and audio coding scheme for high quality at low bitrates},
volume = {0},
isbn = {978-1-4244-2353-8},
journal = {Acoustics, Speech, and Signal Processing, IEEE International Conference on},
doi = {10.1109/ICASSP.2009.4959505}
}

@misc{web:senn, title={HD 200 PRO}, url={https://en-de.sennheiser.com/studio-headphones-noise-reducing-hd-200-pro}, journal={Sennheiser}}

@misc{web:axagon, title={ADA-HP USB - HQ audio zesilova{\v c}}, url={https://www.axagon.eu/produkty/ada-hp?ami=181}, journal={Axagon}}

@misc{web:drm, title={DRM – xHE – AAC demo}, url={https://www.drm.org/drm-xhe-aac-demo/}, journal={Digital Radio Mondiale}}

@misc{web:earsim, title={Artificial Ear/Ear Simulator (IEC 60318-1 coupler)}, url={https://www.bksv.com/en/products/transducers/ear-simulators/ear-mouth-simulators/4153}, journal={TYPE 4153 - Brüel & Kjær Sound & Vibration}}

@article{headphones1,
author = {Hoene, Christian and Hyder, Mansoor},
year = {2019},
month = {05},
pages = {},
title = {Considering Bluetooth's Subband Codec (SBC) for Wideband Speech and Audio on the Internet},
url={https://publikationen.uni-tuebingen.de/xmlui/handle/10900/49345}}

@INPROCEEDINGS{headphones2, 
author={M. {Fukui} and S. {Shimauchi} and Y. {Hioka} and H. {Ohmuro} and Y. {Haneda}}, 
booktitle={21st European Signal Processing Conference (EUSIPCO 2013)}, 
title={Acoustic echo reduction robust against echo-path change with instant echo-power-level adjustment}, 
year={2013}, 
pages={1-5}, 
ISSN={2076-1465}, 
month={Sep.},
url={https://ieeexplore.ieee.org/document/6811523}}

@misc{web:rtings, title={Sennheiser HD 280 Pro Review}, url={https://www.rtings.com/headphones/reviews/sennheiser/hd-280-pro}, journal={RTINGS.com}, author={Vafaei, Sam}, year={2018}, month={May}}